%@manual{lua,
%    author = {asd},
 %   year = 1850,
  %  title = {asd},
   % address = {asd},
    %edition = {}
%}

@book{SYLVESTER,
author = "SYLVESTER, James Joseph",
title = "The collected mathematical papers of James Joseph Sylvester",
year= 2005,
edition = "",
place = "Providence, RI",
publisher = "AMS Chelsea Pub."}


@book{LUN,
author = {SHEN, K. and CROSSLEY, J. and LUN, A.},
title = {Nine Chapters of the Mathematical Art, Companion and Commentary},
year= {1999},
edition = {2},
address = {},
publisher = {Oxford University Press}
}

 @book{DOSSEY, place={Boston}, title={Discrete mathematics}, publisher={Pearson Addison-Wesley}, author={DOSSEY, John A.}, year={2006}} 
 
 %Xaponês
 @book{NEEDHAM,
 author = {NEEDHAM, Joseph and LING, Wang},
 title = {Science and Civilisation in China},
 publisher={Cambridge University Press},
 year = {1959}
 }
 
 %Neerlandês

 
 %Leibniz
 @book{OTTO,
 year={2001},
 title={Discrete Mathematics},
 edition = {4},
 author={OTTO},
 publisher={Addison Wesley}}

 @book{STINSON, title={Cryptography: Theory and practice. 3rd ed}, publisher={CRC Press}, author={STINSON, Douglas}, year={2005}}
 
@book{CAYLEY,
title = {A memoir on the theory of matrices},
author = {CAYLEY, Arthur},
year = {1858}
}

@book{KNOBLOCH,
author = {KNOBLOCH, Eberhard},
year={1994},
title = {From Gauss to Weierstrass: determinant theory and its historical evaluations},
place={Berlim},
editor = {}
}



@book{WEIERSTRASS,
title= {Collected works, vol. 3},
author = {WEIERSTRASS, Karl},
year={1915}
}

 @book{KRONECKER,
 place={New York, Chelsea Pub. Co.}, title={Leopold Kronecker's Werke. Hrsg. AUF Veranlassung der Koniglich Preussischen Akademie der Wissenschaften von K. Hensel}, 
 author={KRONECKER, Leopold},
 year = {1968}
 } 

 @book{MAXIME
 , place={Mineola, NY},
 title={Introduction to higher algebra},
 publisher={Dover Publications}, 
 author = {Bôche MAXIME}
 , year= {2004}
 } 

 @book{MEHRA,
 place={New York}, 
 title= {The historical development of quantum theory}, publisher={Springer-Verlag}, 
 author= {MEHRA, Jagdish and RECHEMBERG, Helmut},
 year= {1987}}